@book{AhoLamSethiUllman2006,
    author = {Alfred Vaino Aho and Monica Sin-Ling Lam and Ravi Sethi and Jeffrey David Ullman},
    title = {Compilers: Principles, Techniques, and Tools},
    year = 2006,
    isbn = 0321486811,
    edition = {2nd},
    publisher = {Addison-Wesley Longman Publishing Co., Inc.},
    address = {Boston, MA, USA},
} 
