@book{BeckRobins2015,
    author = {Matthias Beck and Sinai Robins},
    title = {Computing the Continuous Discretely: Integer-Point Enumeration in Polyhedra},
    year = 2015,
    publisher = {Springer},
    edition = {second},
}
