@Unpublished{CarnielliConiglioBianconi2006-LogicaAplicacoes,
    title  = {Lógica e Aplicações: Matemática, Ciência da Computação e Filosofia},
    author = {Walter Alexandre Carnielli and Marcelo Esteban Coniglio and Ricardo Bianconi},
    year   = {2006},
    url    = {http://www.cle.unicamp.br/prof/carnielli/livro.pdf},
    urlaccessdate = {\accessdate{2015/03/08}},
}
