@book{CormenLeisersonRivestStein2009-Algorithms,
    author = {Thomas H. Cormen and Charles Eric Leiserson and Ronald Linn Rivest and Clifford Stein},
    title = {Introduction to Algorithms},
    year = 2009,
    isbn = {0262033844, 9780262033848},
    edition = {3rd},
    publisher = {The MIT Press},
} 
