@book{DavisSigalWeyuker1994-Computability,
    title = {Computability, Complexity, and Languages: Fundamentals of Theoretical Computer Science},
    author = {Martin David Davis and Ron Sigal and Elaine Jessica Weyuker},
    year = {1994},
    isbn = {0-12-206382-1},
    edition = {second},
    publisher = {Academic Press Professional, Inc.},
    address = {San Diego, CA, USA},
}
