@book{DuKo2014-Complexity,
    author    = {Ding-Zhu Du and Ker-I Ko},
    title     = {Theory of Computational Complexity},
    year      = {2014},
    publisher = {Wiley},
    isbn      = {978-1118306086},
    series    = {Wiley Series in Discrete Mathematics and Optimization},
}
