@Book{EpsteinCarnielli2008,
   title = {Computability: Computable Functions, Logic, and the Foundations of Mathematics},
   author = {Richard L. Epstein and Walter Alexandre Carnielli},
   year = {2008},
   publisher = {Advanced Reasoning Forum},
   address = {Socorro, NM, USA},
   volume = {3rd. Edition},
   isbn = {9780981550732},
   pages = {384},
}
