@book{Fraleigh2003-AbstractAlgebra,
    title = {A first course in abstract algebra},
    author = {John B. Fraleigh and Victor J. Katz},
    isbn = {9780201763904},
    series = {Addison-Wesley world student series},
    year = 2003,
    publisher = {Addison-Wesley},
}
