@book{GareyJohnson1979,
    author    = {Michael Randolph Garey and David Stifler Johnson},
    title     = {Computers and Intractability: A Guide to the Theory of NP-Completeness},
    year      = {1979},
    isbn      = {0716710447},
    publisher = {W. H. Freeman \& Co.},
    address   = {New York, NY, USA},
} 
