@book{Goldreich2008,
    author    = {Oded Goldreich},
    title     = {Computational Complexity --- A Conceptual Perspective},
    publisher = {Cambridge University Press},
    year      = {2008},
    isbn      = {978-0-521-88473-0},
}
