@book{GrahamKnuthPatashnik1994-Concrete,
    author    = {Ronald Lewis Graham and Donald Ervin Knuth and Oren Patashnik},
    title     = {Concrete Mathematics - A Foundation for Computer Science},
    publisher = {Addison-Wesley},
    year      = {1994},
    edition   = {Second},
    isbn      = {978-0-201-55802-9},
}
