@book{HoffmanKunze1971-LinearAlgebra,
    author    = {Kenneth M. Hoffman and Ray Alden Kunze},
    title     = {Linear Algebra},
    publisher = {Prentice-Hall},
    year      = {1971},
    edition   = {second},
    isbn      = {978-0135367971},
}
