@book{HopcroftUllman1979-AutomataLanguagesComputation,
    author    = {John Edward Hopcroft and Jeffrey David Ullman},
    title     = {Introduction to Automata Theory, Languages and Computation},
    publisher = {Addison-Wesley},
    year      = {1979},
    isbn      = {0-201-02988-X},
}
