@book{Knuth1998-TAOCP3,
    author = {Donald Ervin Knuth},
    title = {The Art of Computer Programming, Volume 3: Sorting and Searching},
    year = 1998,
    isbn = {0-201-89685-0},
    edition = {2nd},
    publisher = {Addison Wesley Longman Publishing Co., Inc.},
    address = {Redwood City, CA, USA},
}
