@book{Knuth1997,
    author = {Donald Ervin Knuth},
    title = {The Art of Computer Programming, Volume 2: Seminumerical Algorithms},
    year = 1997,
    isbn = {0-201-89684-2},
    edition = {3rd},
    publisher = {Addison-Wesley Longman Publishing Co., Inc.},
    address = {Boston, MA, USA},
}
