@book{Kozen2006,
    title     = {Theory of Computation},
    author    = {Dexter Kozen},
    year      = {2006},
    series    = {Texts in Computer Science},
    publisher = {Springer},
    isbn      = {978-1-84628-297-3},
}
