@book{LewisPapadimitriou1998-Computation,
    author    = {Harry Roy Lewis and Christos Harilaos Papadimitriou},
    title     = {Elements of the theory of computation},
    publisher = {Prentice-Hall},
    year      = {1998},
    isbn      = {0-13-262478-8},
}
