@book{Papadimitriou1994,
    author    = {Christos Harilaos Papadimitriou},
    title     = {Computational complexity},
    publisher = {Addison-Wesley},
    year      = {1994},
    isbn      = {978-0-201-53082-7},
}
