@book{Rogers1987-FunctionsComputability,
    author    = {Rogers, Jr., Hartley},
    title     = {Theory of recursive functions and effective computability
                (Reprint from 1967)},
    publisher = {{MIT} Press},
    year      = {1987},
    isbn      = {978-0-262-68052-3},
    address   = {Cambridge, MA, USA},
}
