@book{Schoning1989-Logic,
    author    = {Uwe Schöning},
    title     = {Logic for Computer Scientists},
    publisher = {Birkhäuser},
    year      = {1989},
    isbn      = {3-7643-3453-3},
}
