@book{SedgewickFlajolet2013-AnalysisAlgorithms,
    author = {Robert Sedgewick and Philippe Flajolet},
    title = {An Introduction to the Analysis of Algorithms},
    year = 2013,
    isbn = {0-321-90575-X, 978-0-321-90575-8},
    edition = {2nd},
    publisher = {Addison-Wesley},
} 
