@book{Shallit2008,
    author    = {Jeffrey Outlaw Shallit},
    title     = {A Second Course in Formal Languages and Automata Theory},
    year      = 2008,
    publisher = {Cambdridge University Press},
    isbn      = {978-0-521-86572-2},
}
