@book{Soare1987,
  author    = {Robert Irving Soare},
  title     = {Recursively Enumerable Sets and Degrees: A Study of Computable Functions and Computably Generated Sets},
  year      = 1987,
  isbn      = {3-540-15299-7},
  series    = {Perspectives in Mathematical Logic},
  publisher = {Springer-Verlag Berlin Heidelberg},
}
