@book{Spivak1994,
    author    = {Michael Spivak},
    title     = {Calculus},
    publisher = {Publish or Perish},
    year      = {1994},
    edition   = {third},
    isbn      = {0-914098-89-6},
}
