@book{AroraBarak2009,
    author    = {Sanjeev Arora and Boaz Barak},
    title     = {Computational Complexity - {A} Modern Approach},
    publisher = {Cambridge University Press},
    year      = {2009},
    url       = {http://theory.cs.princeton.edu/complexity/book.pdf},
    isbn      = {978-0-521-42426-4},
    urlaccessdate = {\accessdate{2015/03/13}},
}
