@article{Blum1967,
  author  = {Manuel Blum},
  title   = {A Machine-Independent Theory of the Complexity of Recursive Functions},
  journal = {J. {ACM}},
  volume  = {14},
  number  = {2},
  pages   = {322--336},
  year    = {1967},
  url     = {http://port70.net/~nsz/articles/classic/blum\_complexity\_1976.pdf}
}
