@phdthesis{Hastad1987,
    title    = {Computational limitations of small depth circuits},
    author   = {Johan Torkel H{\"{a}}stad},
    year     = 1987,
    school   = {Massachusetts Institute of Technology},
}
