@book{HopcroftMotwaniUllman2001,
  author    = {John E. Hopcroft and Rajeev Motwani and Jeffrey D. Ullman},
  title     = {Introduction to automata theory, languages, and computation},
  edition   = {second edition},
  series    = {Addison-Wesley series in computer science},
  publisher = {Addison-Wesley-Longman},
  year      = {2001},
  isbn      = {978-0-201-44124-6},
}
