@inproceedings{MeyerStockmeyer1972,
  author    = {Albert Ronald da Silva Meyer and Larry Joseph Stockmeyer},
  title     = {The Equivalence Problem for Regular Expressions with Squaring Requires
               Exponential Space},
  booktitle = {Proceedings of the 13th Annual Symposium on Switching and Automata Theory (Swat 1972)},
  series    = {SWAT '72},
  pages     = {125--129},
  year      = {1972},
  publisher = {IEEE Computer Society},
  address   = {Washington, DC, USA},
  url       = {http://people.csail.mit.edu/meyer/rsq.pdf},
}
