@ARTICLE{Andreev1994-NondeterministicFunctions,
    author = {Alexander E. Andreev},
    title = {Complexity of Nondeterministic Functions},
    journal = {{BRICS} Report Series},
    year = {1994},
    volume = {47},
    url = {http://www.brics.dk/RS/94/2/BRICS-RS-94-2.pdf},
}
