@inproceedings{AragonSeidel1989,
    author    = {Cecilia R. Aragon and Raimund Seidel},
    title     = {Randomized Search Trees},
    booktitle = {30th Annual Symposium on Foundations of Computer Science, Research
               Triangle Park, North Carolina, USA, 30 October - 1 November 1989},
    pages     = {540--545},
    year      = 1989,
    publisher = {{IEEE} Computer Society},
    isbn      = {0-8186-1982-1},
}
