@article{Blum1967-MachineIndependentComplexity,
  author  = {Manuel Blum},
  title   = {A Machine-Independent Theory of the Complexity of Recursive Functions},
  journal = {J. {ACM}},
  volume  = {14},
  number  = {2},
  pages   = {322--336},
  year    = {1967},
  url     = {http://port70.net/~nsz/articles/classic/blum_complexity_1976.pdf},
  urlaccessdate = {\accessdate{2015/03/08}},
}
