@inproceedings{Cook1971-ComplexityTheoremProving,
  author    = {Stephen Arthur Cook},
  title     = {The Complexity of Theorem-Proving Procedures},
  booktitle = {Proceedings of the 3rd Annual {ACM} Symposium on Theory of Computing,
               May 3-5, 1971, Shaker Heights, Ohio, {USA}},
  pages     = {151--158},
  year      = {1971},
  doi       = {10.1145/800157.805047},
}
