@article{Cook1973,
  title = {A hierarchy for nondeterministic time complexity},
  author = {Stephen A. Cook},
  year = {1973},
  journal = {Journal of Computer and System Sciences},
  volume = {7},
  number = {4},
  pages = {343--353},
  issn = {0022-0000},
  doi = {http://dx.doi.org/10.1016/S0022-0000(73)80028-5},
  url = {http://pages.cs.wisc.edu/~jyc/710/cook-non-deterministic-time-hierarchy.pdf},
}
