@article{Gasarch2012-PvsNPPoll,
  author  = {William I. Gasarch},
  title   = {Guest Column: the second {P} =? {NP} poll},
  journal = {{SIGACT} News},
  volume  = {43},
  number  = {2},
  pages   = {53--77},
  year    = {2012},
  url     = {http://www.cs.umd.edu/~gasarch/papers/poll2012.pdf},
  urlaccessdate = {\accessdate{2015/03/08}},
}
