@inproceedings{HartmanisHopcroft1968-StructureOfUndecidableProblems,
    author    = {Juris Hartmanis and John Edward Hopcroft},
    booktitle = {IEEE Conference Record of 9th Annual Symposium on Switching and Automata Theory, 1968.},
    title     = {Structure of undecidable problems in automata theory},
    year      = {1968},
    month     = {October},
    pages     = {327-333},
    doi       = {10.1109/SWAT.1968.30},
    ISSN      = {0272-4847},
}
