@article{Heger2004,
    author = {Dominique A. Heger},
    title = {A Disquisition on The Performance Behavior of Binary Search Tree Data Structures},
    year = 2004,
    journal = {European Journal for the Informatics Professional},
    volume = 5,
    pages = {67--75},
    url = {http://www.cepis.org/upgrade/files/full-2004-V.pdf},
}
