@article{Krentel1988-ComplexityOptimization,
    title = {The complexity of optimization problems},
    author = {Mark W. Krentel},
    journal = {Journal of Computer and System Sciences},
    volume = {36},
    number = {3},
    pages = {490 - 509},
    year = {1988},
    issn = {0022-0000},
}
