@article{LiebowitzMargolis2002-FableOfTheKeys,
    author = {Stan J. Liebowitz and Stephen E. Margolis},
    year = 1990,
    month = {April},
    title = {The Fable of the Keys},
    journal= {Journal of Law and Economics},
    volume = 30,
    number = 1,
    pages = {1--26},
    url = {http://ssrn.com/abstract=1069950},
}
