@article{Marsaglia2003,
    author = {George Marsaglia},
    year = 2003,
    title = {{X}orshift {RNG}s},
    journal= {Journal of Statistical Software},
    volume = 8,
    url = {http://www.jstatsoft.org/v08/i14/paper},
}
