@inproceedings{McCreightMeyer1969-ClassesDefinedByBounds,
    author = {Edward Meyers McCreight and Albert Ronald da Silva Meyer},
    title = {Classes of Computable Functions Defined by Bounds on Computation: Preliminary Report},
    booktitle = {Proceedings of the First Annual ACM Symposium on Theory of Computing},
    series = {STOC '69},
    year = {1969},
    location = {Marina del Rey, California, USA},
    pages = {79--88},
    numpages = {10},
    publisher = {ACM},
    address = {New York, NY, USA},
}
