@article{SachsStiebitzWilson1988-EulerLetters,
    title = {An historical note: {E}uler's {K}Ã¶nigsberg letters},
    author = {Horst Sachs and Michael Stiebitz and Robin James Wilson},
    journal = {Journal of Graph Theory},
    year = {1988},
    volume = {12},
    pages = {133--139}
}
