@article{SeidelAragon1996,
    author  = {Raimund Seidel and Cecilia R. Aragon},
    title   = {Randomized Search Trees},
    year    = 1996,
    journal = {Algorithmica},
    volume  = {16},
    number  = {4/5},
    pages   = {464--497},
}
