@article{Selman1994,
    author  = "Alan L. Selman",
    title   = "A taxonomy of complexity classes of functions",
    year    = "1994",
    journal = "Journal of Computer and System Sciences",
    volume  = "48",
    number  = "2",
    pages   = "357--381",
    issn    = "0022-0000",
}
