@article{Turing1937-FixedPointCombinator,
    author = {Alan Mathison Turing},
    title = {The $\mathfrak p$-Function in $\lambda$-{$K$}-Conversion},
    year = 1937,
    journal = {The Journal of Symbolic Logic},
    pages = {164-164},
    number = 4,
    volume = 2,
    publisher = {Association for Symbolic Logic, Cambridge University Press},
    ISSN = 00224812,
}
