@article{Valiant1979,
    author    = {Leslie Gabriel Valiant},
    title     = {The Complexity of Computing the Permanent},
    journal   = {Theoretical Computer Science},
    volume    = {8},
    pages     = {189--201},
    year      = {1979},
}
